
@book{Searle1971,
    title = {Linear Models},
    author = {S. R. Searle},
    year = 1971,
    publisher = {John Wiley \& Sons},
    address = {New York}
}

@article{Genz1992,
   author    = {Alan Genz},
   title     = {Numerical computation of multivariate normal probabilities},
   journal   = {Journal of Computational and Graphical Statistics},
   pages     = {141-149},
   year      = {1992},   
   volume    = {1}
}

 
@article{GenzBretz1999,
   author    = {Alan Genz and Frank Bretz},
   title     = {Numerical computation of multivariate $t$-probabilities with
       application to power calculation of multiple contrasts},
   journal   = {Journal of Statistical Computation and Simulation},  
   pages     = {361-378},
   year      = {1999},
   volume    = {63}
}

@article{GenzBretz2002,
    author = {Alan Genz and Frank Bretz},
    title = {Comparison of Methods for the Computation of Multivariate t Probabilities},
    journal = {Journal of Computational and Graphical Statistics}, 
    volume = 11,
    number = 4,
    year = 2002,
    pages = {950-971}
}
