
R version 2.5.0 Under development (unstable) (2007-02-04 r40641)
Copyright (C) 2007 The R Foundation for Statistical Computing
ISBN 3-900051-07-0

R is free software and comes with ABSOLUTELY NO WARRANTY.
You are welcome to redistribute it under certain conditions.
Type 'license()' or 'licence()' for distribution details.

  Natural language support but running in an English locale

R is a collaborative project with many contributors.
Type 'contributors()' for more information and
'citation()' on how to cite R or R packages in publications.

Type 'demo()' for some demos, 'help()' for on-line help, or
'help.start()' for an HTML browser interface to help.
Type 'q()' to quit R.

> library(utils); library(HSAUR); HSAUR:::pkgversions("references.in")

@manual{HSAUR:R,
    title = {R: A Language and Environment for Statistical Computing},
    author = {{R Development Core Team}},
    organization = {R Foundation for Statistical Computing},
    address = {Vienna, Austria},
    year = {2005},
    note = {{ISBN} 3-900051-07-0},
    url = {http://www.R-project.org},
}

@manual{HSAUR:AItR,
    title = {An Introduction to R},
    author = {{R Development Core Team}},
    organization = {R Foundation for Statistical Computing},
    address = {Vienna, Austria},
    year = {2005},
    note = {{ISBN} 3-900051-12-7},
    url = {http://www.R-project.org},
}

@manual{HSAUR:RDIE,
    title = {R Data Import/Export},
    author = {{R Development Core Team}},
    organization = {R Foundation for Statistical Computing},
    address = {Vienna, Austria},
    year = {2005},
    note = {{ISBN} 3-900051-10-0},
    url = {http://www.R-project.org},
}

@manual{HSAUR:RIA,
    title = {R Installation and Administration},
    author = {{R Development Core Team}},
    organization = {R Foundation for Statistical Computing},
    address = {Vienna, Austria},
    year = {2005},
    note = {{ISBN} 3-900051-09-7},
    url = {http://www.R-project.org},
}

@manual{HSAUR:WRE,
    title = {Writing R Extensions},
    author = {{R Development Core Team}},
    organization = {R Foundation for Statistical Computing},
    address = {Vienna, Austria},
    year = {2005},
    note = {{ISBN} 3-900051-11-9},
    url = {http://www.R-project.org},
}

%% PACKAGES

@Manual{PKG:multcomp,
    title = {Simultaneous Inference for General Linear Hypotheses},
    author = {Torsten Hothorn and Frank Bretz and Peter Westfall},
    year = {2007},
    url = {http://CRAN.R-project.org},
    note = {\rR{} package version 0.991-8}
}

@Manual{PKG:coin,
    title = {coin: Conditional Inference Procedures in a Permutation Test
             Framework},
    author = {Torsten Hothorn and Kurt Hornik and Mark van de Wiel 
              and Achim Zeileis},
    year = {2007},
    url = {http://CRAN.R-project.org},
    note = {\rR{} package version 0.5-3}
}

> 
