@article{Korn+Freidlin:BJ:2006,
    author = {E. L. Korn and B. Freidlin},
    title = {The likelihood as statistical evidence in multiple comparisons in clinical trials: No free lunch},
    journal = {Biometrical Journal},
    month = {JUN},
    year = {2006},
    volumne = {48},
    number = {3},
    isitag = {ISI:000238768100002},
    pages = {346--355},
}
 
@article{Hommel+Kropf:BJ:2005,
    author = {G. Hommel and S. Kropf},
    title = {Tests for differentiation in gene expression using a data-driven order or weights for hypotheses},
    journal = {Biometrical Journal},
    month = {AUG},
    year = {2005},
    volumne = {47},
    number = {4},
    isitag = {ISI:000231492300012},
    pages = {554--562},
}
 
@article{Bhargava+Spurrier:BJ:2004,
    author = {P. Bhargava and J. D. Spurrier},
    title = {Exact confidence bounds for comparing two regression lines with a control regression line on a fixed interval},
    journal = {Biometrical Journal},
    month = {DEC},
    year = {2004},
    volumne = {46},
    number = {6},
    isitag = {ISI:000226083300009},
    pages = {720--730},
}
 
@article{Hyakutake:BJ:2003,
    author = {H. Hyakutake},
    title = {Multiple comparisons in nonlinear repeated measurements},
    journal = {Biometrical Journal},
    month = {NA},
    year = {2003},
    volumne = {45},
    number = {6},
    isitag = {ISI:000185397300010},
    pages = {772--780},
}
 
@article{Cheung+Wu+Quek:BJ:2003,
    author = {S. H. Cheung and K. H. Wu and A. L. Quek},
    title = {Pairwise comparisons in each of several groups with heterogenous group variances},
    journal = {Biometrical Journal},
    month = {NA},
    year = {2003},
    volumne = {45},
    number = {3},
    isitag = {ISI:000182686400005},
    pages = {325--334},
}
 
@article{Spurrier:BJ:2002,
    author = {J. D. Spurrier},
    title = {Exact multiple comparisons of three or more regression lines: Pairwise comparisons and comparisons with a control},
    journal = {Biometrical Journal},
    month = {NA},
    year = {2002},
    volumne = {44},
    number = {7},
    isitag = {ISI:000179019200002},
    pages = {801--812},
}
 
@article{Wilcox:BJ:2002,
    author = {R. R. Wilcox},
    title = {Multiple comparisons among dependent groups based on a modified one-step M-estimator},
    journal = {Biometrical Journal},
    month = {NA},
    year = {2002},
    volumne = {44},
    number = {4},
    isitag = {ISI:000176420400005},
    pages = {466--477},
}
 
@article{Biesheuvel+Hothorn:BJ:2002,
    author = {E. Biesheuvel and L. A. Hothorn},
    title = {Many-to-one comparisons in stratified designs},
    journal = {Biometrical Journal},
    month = {NA},
    year = {2002},
    volumne = {44},
    number = {1},
    isitag = {ISI:000173765200007},
    pages = {101--116},
}
 
@article{Bauer+Hothorn+Westfall:BJ:2001,
    author = {P. Bauer and L. A. Hothorn and P. Westfall},
    title = {Special issue multiple comparison procedures},
    journal = {Biometrical Journal},
    month = {NA},
    year = {2001},
    volumne = {43},
    number = {5},
    isitag = {ISI:000171069400001},
    pages = {531--531},
}
 
@article{Rogers+Hsu:BJ:2001,
    author = {J. A. Rogers and J. C. Hsu},
    title = {Multiple comparisons of biodiversity},
    journal = {Biometrical Journal},
    month = {NA},
    year = {2001},
    volumne = {43},
    number = {5},
    isitag = {ISI:000171069400009},
    pages = {617--625},
}
 
@article{Bretz+Genz+Hothorn:BJ:2001,
    author = {F. Bretz and A. Genz and L. A. Hothorn},
    title = {On the numerical availability of multiple comparison procedures},
    journal = {Biometrical Journal},
    month = {NA},
    year = {2001},
    volumne = {43},
    number = {5},
    isitag = {ISI:000171069400011},
    pages = {645--656},
}
 
@article{Somerville+Bretz:BJ:2001,
    author = {P. N. Somerville and F. Bretz},
    title = {Obtaining critical values for simultaneous confidence intervals and multiple testing},
    journal = {Biometrical Journal},
    month = {NA},
    year = {2001},
    volumne = {43},
    number = {5},
    isitag = {ISI:000171069400012},
    pages = {657--663},
}
 
@article{Mehrotra+Li+Gilbert:Biometrics:2006,
    author = {D. V. Mehrotra and X. M. Li and P. B. Gilbert},
    title = {A comparison of eight methods for the dual-endpoint evaluation of efficacy in a proof-of-concept HIV vaccine trial},
    journal = {Biometrics},
    month = {SEP},
    year = {2006},
    volumne = {62},
    number = {3},
    isitag = {ISI:000240708300033},
    pages = {893--900},
}
 
@article{Bretz+Pinheiro+Branson:Biometrics:2005,
    author = {F. Bretz and J. C. Pinheiro and M. Branson},
    title = {Combining multiple comparisons and modeling techniques in dose-response studies},
    journal = {Biometrics},
    month = {SEP},
    year = {2005},
    volumne = {61},
    number = {3},
    isitag = {ISI:000231689900010},
    pages = {738--748},
}
 
@article{Kwong+Cheung+Chan:Biometrics:2004,
    author = {K. S. Kwong and S. H. Cheung and W. S. Chan},
    title = {Multiple testing to establish superiority/equivalence of a new treatment compared with k standard treatments for unbalanced designs},
    journal = {Biometrics},
    month = {JUN},
    year = {2004},
    volumne = {60},
    number = {2},
    isitag = {ISI:000222126400022},
    pages = {491--498},
}
 
@article{Hirotsu+Ohta+Hirose:Biometrics:2003,
    author = {C. Hirotsu and E. Ohta and N. Hirose and K. Shimizu},
    title = {Profile analysis of 24-hours measurements of blood pressure},
    journal = {Biometrics},
    month = {DEC},
    year = {2003},
    volumne = {59},
    number = {4},
    isitag = {ISI:000187501100019},
    pages = {907--915},
}
 
@article{Fritsch+Hsu:Biometrics:1999,
    author = {K. S. Fritsch and J. C. Hsu},
    title = {Multiple comparison of entropies with application to dinosaur biodiversity},
    journal = {Biometrics},
    month = {DEC},
    year = {1999},
    volumne = {55},
    number = {4},
    isitag = {ISI:000084218000049},
    pages = {1300--1305},
}
 
@article{Hannig+Marron:JASA:2006,
    author = {J. Hannig and J. S. Marron},
    title = {Advanced distribution theory for SiZer},
    journal = {Journal of the American Statistical Association},
    month = {JUN},
    year = {2006},
    volumne = {101},
    number = {474},
    isitag = {ISI:000238033200007},
    pages = {484--499},
}
 
@article{Finner+Strassburger:JASA:2006,
    author = {H. Finner and K. Strassburger},
    title = {On delta-equivalence with the best in k-sample models},
    journal = {Journal of the American Statistical Association},
    month = {JUN},
    year = {2006},
    volumne = {101},
    number = {474},
    isitag = {ISI:000238033200027},
    pages = {737--746},
}
 
@article{Romano+Wolf:JASA:2005,
    author = {J. R. Romano and M. Wolf},
    title = {Exact and approximate stepdown methods for multiple hypothesis testing},
    journal = {Journal of the American Statistical Association},
    month = {MAR},
    year = {2005},
    volumne = {100},
    number = {469},
    isitag = {ISI:000233311100015},
    pages = {94--108},
}
 
@article{Liu+Jamshidian+Zhang:JASA:2004,
    author = {W. Liu and M. Jamshidian and Y. Zhang},
    title = {Multiple comparison of several linear regression models},
    journal = {Journal of the American Statistical Association},
    month = {JUN},
    year = {2004},
    volumne = {99},
    number = {466},
    isitag = {ISI:000221572500009},
    pages = {395--403},
}
 
@article{Tamhane+Logan:JASA:2002,
    author = {A. C. Tamhane and B. R. Logan},
    title = {Multiple test procedures for identifying the minimum effective and maximum safe doses of a drug},
    journal = {Journal of the American Statistical Association},
    month = {MAR},
    year = {2002},
    volumne = {97},
    number = {457},
    isitag = {ISI:000173997500031},
    pages = {293--301},
}
 
@article{Tamhane+Dunnett+Green:JASA:2001,
    author = {A. C. Tamhane and C. W. Dunnett and J. W. Green and J. D. Wetherington},
    title = {Multiple test procedures for identifying the maximum safe dose},
    journal = {Journal of the American Statistical Association},
    month = {SEP},
    year = {2001},
    volumne = {96},
    number = {455},
    isitag = {ISI:000170729300006},
    pages = {835--843},
}
 
@article{Spurrier:JASA:1999,
    author = {J. D. Spurrier},
    title = {Exact confidence bounds for all contrasts of three or more regression lines},
    journal = {Journal of the American Statistical Association},
    month = {JUN},
    year = {1999},
    volumne = {94},
    number = {446},
    isitag = {ISI:000081058500017},
    pages = {483--488},
}
 
@article{Westfall:JASA:1998,
    author = {P. Westfall},
    title = {Multiple testing of general contrasts using logical constraints and correlations (vol 92, pg 299, 1997)},
    journal = {Journal of the American Statistical Association},
    month = {MAR},
    year = {1998},
    volumne = {93},
    number = {441},
    isitag = {ISI:000072355300041},
    pages = {413--413},
}
 
@article{Tang+Lin:JASA:1997,
    author = {D. I. Tang and S. P. Lin},
    title = {An approximate likelihood ratio test for comparing several treatments to a control},
    journal = {Journal of the American Statistical Association},
    month = {SEP},
    year = {1997},
    volumne = {92},
    number = {439},
    isitag = {ISI:A1997XU87800037},
    pages = {1155--1162},
}
 
@article{Westfall:JASA:1997,
    author = {P. H. Westfall},
    title = {Multiple testing of general contrasts using logical constraints and correlations},
    journal = {Journal of the American Statistical Association},
    month = {MAR},
    year = {1997},
    volumne = {92},
    number = {437},
    isitag = {ISI:A1997WL26500031},
    pages = {299--306},
}
 
@article{McCann+Edwards:JASA:1996,
    author = {M. McCann and D. Edwards},
    title = {A path length inequality for the multivariate-t distribution, with applications to multiple comparisons},
    journal = {Journal of the American Statistical Association},
    month = {MAR},
    year = {1996},
    volumne = {91},
    number = {433},
    isitag = {ISI:A1996UB27200020},
    pages = {211--216},
}
 
@article{TROENDLE:JASA:1995,
    author = {J. F. TROENDLE},
    title = {A STEPWISE RESAMPLING METHOD OF MULTIPLE HYPOTHESIS-TESTING},
    journal = {Journal of the American Statistical Association},
    month = {MAR},
    year = {1995},
    volumne = {90},
    number = {429},
    isitag = {ISI:A1995QH03000041},
    pages = {370--378},
}
 
@article{Liu+Jamshidian+Zhang:JSPI:2007,
    author = {W. Liu and M. Jamshidian and Y. Zhang and F. Bretz and X. L. Han},
    title = {Some new methods for the comparison of two linear regression models},
    journal = {Journal of Statistical Planning and Inference},
    month = {JAN 1},
    year = {2007},
    volumne = {137},
    number = {1},
    isitag = {ISI:000241099000006},
    pages = {57--67},
}
 
@article{Bortnick+Dean+Hsu:JSPI:2005,
    author = {S. M. Bortnick and A. M. Dean and J. C. Hsu},
    title = {Efficiency of block designs for simultaneous comparison of two test treatments with a control},
    journal = {Journal of Statistical Planning and Inference},
    month = {FEB 15},
    year = {2005},
    volumne = {129},
    number = {1-2},
    isitag = {ISI:000226222300008},
    pages = {109--124},
}
 
@article{Tamhane+Westfall:JSPI:2004,
    author = {A. C. Tamhane and P. H. Westfall},
    title = {Special issue on multiple comparisons - Preface},
    journal = {Journal of Statistical Planning and Inference},
    month = {OCT 1},
    year = {2004},
    volumne = {125},
    number = {1-2},
    isitag = {ISI:000223388000001},
    pages = {1--1},
}
 
@article{Pollard+vanderLaan:JSPI:2004,
    author = {K. S. Pollard and M. J. van der Laan},
    title = {Choice of a null distribution in resampling-based multiple testing},
    journal = {Journal of Statistical Planning and Inference},
    month = {OCT 1},
    year = {2004},
    volumne = {125},
    number = {1-2},
    isitag = {ISI:000223388000007},
    pages = {85--100},
}
 
@article{Lin+Lee+Peng:JSPI:2002,
    author = {L. Lin and C. I. C. Lee and J. N. Peng},
    title = {Max-min multiple comparison procedure for isotonic dose-response curves},
    journal = {Journal of Statistical Planning and Inference},
    month = {SEP 1},
    year = {2002},
    volumne = {107},
    number = {1-2},
    isitag = {ISI:000178061800008},
    pages = {133--141},
}
 
@article{Kuriki+Shimodaira+Hayter:JSPI:2002,
    author = {S. Kuriki and H. Shimodaira and T. Hayter},
    title = {On the isotonic range statistic for testing against an ordered alternative},
    journal = {Journal of Statistical Planning and Inference},
    month = {JUL 1},
    year = {2002},
    volumne = {105},
    number = {2},
    isitag = {ISI:000176342400005},
    pages = {347--362},
}
 
@article{Chen+Chi:JSPI:2000,
    author = {Y. I. Chen and Y. C. Chi},
    title = {Multiple comparisons between successive treatments for randomly right-censored survival data},
    journal = {Journal of Statistical Planning and Inference},
    month = {JAN 1},
    year = {2000},
    volumne = {83},
    number = {1},
    isitag = {ISI:000084148800010},
    pages = {137--151},
}
 
@article{Benjamini+Hothorn+Sen:JSPI:1999,
    author = {Y. Benjamini and L. Hothorn and P. K. Sen},
    title = {Special issue on multiple comparisons - Preface},
    journal = {Journal of Statistical Planning and Inference},
    month = {DEC 1},
    year = {1999},
    volumne = {82},
    number = {1-2},
    isitag = {ISI:000083580500001},
    pages = {1--4},
}
 
@article{Gut+Schwabe:JSPI:1999,
    author = {A. Gut and R. Schwabe},
    title = {Some remarks on repeated significance tests for linear contrasts},
    journal = {Journal of Statistical Planning and Inference},
    month = {DEC 1},
    year = {1999},
    volumne = {82},
    number = {1-2},
    isitag = {ISI:000083580500003},
    pages = {25--34},
}
 
@article{Tamhane+Dunnett:JSPI:1999,
    author = {A. C. Tamhane and C. W. Dunnett},
    title = {Stepwise multiple test procedures with biometric applications},
    journal = {Journal of Statistical Planning and Inference},
    month = {DEC 1},
    year = {1999},
    volumne = {82},
    number = {1-2},
    isitag = {ISI:000083580500005},
    pages = {55--68},
}
 
@article{Koch+Hothorn:JSPI:1999,
    author = {H. F. Koch and L. A. Hothorn},
    title = {Exact unconditional distributions for dichotomous data in many-to-one comparisons},
    journal = {Journal of Statistical Planning and Inference},
    month = {DEC 1},
    year = {1999},
    volumne = {82},
    number = {1-2},
    isitag = {ISI:000083580500007},
    pages = {83--99},
}
 
@article{Dilba+Bretz+Hothorn:SiM:2006,
    author = {G. Dilba and F. Bretz and L. A. Hothorn and V. Guiard},
    title = {Power and sample size computations in simultaneous tests for non-inferiority based on relative margins},
    journal = {Statistics in Medicine},
    month = {APR 15},
    year = {2006},
    volumne = {25},
    number = {7},
    isitag = {ISI:000236528500004},
    pages = {1131--1147},
}
 
@article{Moerkerke+Goetghebeur+Van Steen:SiM:2005,
    author = {B. Moerkerke and E. Goetghebeur and K. Van Steen and S. Van Belle and V. Cocquyt},
    title = {Permutation based methods for comparing quality of life between observed treatments},
    journal = {Statistics in Medicine},
    month = {DEC 30},
    year = {2005},
    volumne = {24},
    number = {24},
    isitag = {ISI:000234284800026},
    pages = {4055--4066},
}
 
@article{Troendle:SiM:2005,
    author = {J. F. Troendle},
    title = {Multiple comparisons between two groups on multiple Bernoulli outcomes while accounting for covariates},
    journal = {Statistics in Medicine},
    month = {DEC 15},
    year = {2005},
    volumne = {24},
    number = {23},
    isitag = {ISI:000233343700004},
    pages = {3581--3591},
}
 
@article{Jung+Owzar+George:SiM:2005,
    author = {S. H. Jung and K. Owzar and S. L. George},
    title = {A multiple testing procedure to associate gene expression levels with survival},
    journal = {Statistics in Medicine},
    month = {OCT 30},
    year = {2005},
    volumne = {24},
    number = {20},
    isitag = {ISI:000232671700002},
    pages = {3077--3088},
}
 
@article{Logan+Wang+Zhang:SiM:2005,
    author = {B. R. Logan and H. Wang and M. J. Zhang},
    title = {Pairwise multiple comparison adjustment in survival analysis},
    journal = {Statistics in Medicine},
    month = {AUG 30},
    year = {2005},
    volumne = {24},
    number = {16},
    isitag = {ISI:000231208300006},
    pages = {2509--2523},
}
 
@article{Liao:SiM:2005,
    author = {J. J. Z. Liao},
    title = {Comparing the concentration curves directly in a pharmacokinetics, bioavailability/bioequivalence study},
    journal = {Statistics in Medicine},
    month = {MAR 30},
    year = {2005},
    volumne = {24},
    number = {6},
    isitag = {ISI:000227775300004},
    pages = {883--891},
}
 
@article{Chi:SiM:2005,
    author = {Y. C. Chi},
    title = {Multiple testing procedures based on weighted Kaplan-Meier statistics for right-censored survival data},
    journal = {Statistics in Medicine},
    month = {JAN 15},
    year = {2005},
    volumne = {24},
    number = {1},
    isitag = {ISI:000226103000003},
    pages = {23--35},
}
 
@article{Cheung+Kwong+Chan:SiM:2004,
    author = {S. H. Cheung and K. S. Kwong and W. S. Chan and S. P. Leung},
    title = {Multiple comparisons with a control in families with both one-sided and two-sided hypotheses},
    journal = {Statistics in Medicine},
    month = {OCT 15},
    year = {2004},
    volumne = {23},
    number = {19},
    isitag = {ISI:000223817300003},
    pages = {2975--2988},
}
 
@article{Edland+Slager+Farrer:SiM:2004,
    author = {S. D. Edland and S. Slager and M. Farrer},
    title = {Genetic association studies in Alzheimer's disease research: challenges and opportunities},
    journal = {Statistics in Medicine},
    month = {JAN 30},
    year = {2004},
    volumne = {23},
    number = {2},
    isitag = {ISI:000188117400002},
    pages = {169--178},
}
 
@article{Bretz+Hothorn+Hsu:SiM:2003,
    author = {F. Bretz and L. A. Hothorn and J. C. Hsu},
    title = {Identifying effective and/or safe doses by stepwise confidence intervals for ratios},
    journal = {Statistics in Medicine},
    month = {MAR 30},
    year = {2003},
    volumne = {22},
    number = {6},
    isitag = {ISI:000181482200003},
    pages = {847--858},
}
 
@article{Tangen+Koch:SiM:2001,
    author = {C. M. Tangen and G. G. Koch},
    title = {Non-parametric analysis of covariance for confirmatory randomized clinical trials to evaluate dose-response relationships},
    journal = {Statistics in Medicine},
    month = {SEP 15},
    year = {2001},
    volumne = {20},
    number = {17-18},
    isitag = {ISI:000170808800006},
    pages = {2585--2607},
}
 
@article{Chen:SiM:2000,
    author = {Y. I. Chen},
    title = {Multiple comparisons in carcinogenesis study with right-censored survival data},
    journal = {Statistics in Medicine},
    month = {FEB 15},
    year = {2000},
    volumne = {19},
    number = {3},
    isitag = {ISI:000084997000006},
    pages = {353--367},
}
