
@Article{Rnews:Bates:2005,
  author       = {Douglas Bates},
  title        = {Fitting Linear Mixed Models in {R}},
  journal      = {R News},
  year         = 2005,
  volume       = 5,
  number       = 1,
  pages        = {27--30},
  month        = {May},
  url          = http,
  pdf          = Rnews2005-1
}

@ARTICLE{Zeileis2004,
  author = {Achim Zeileis},
  title = {Econometric Computing with {HC} and {HAC} Covariance Matrix Estimators},
  year = {2004},
  journal = {Journal of Statistical Software},
  volume = {11},
  number = {10},
  pages = {1--17},
  url = {http://www.jstatsoft.org/v11/i10/}
}


@ARTICLE{Zeileis2006,
  author = {Achim Zeileis},
  title = {Object-oriented Computation of Sandwich Estimators},
  year = {2006},
  journal = {Journal of Statistical Software},
  volume = {16},
  number = {9},
  pages = {1--16},
  url = {http://www.jstatsoft.org/v16/i09/}
}
@article{Yohai1987,
    author = {V. J. Yohai},
    year = 1987,
    title = {High breakdown-point and high efficiency
     estimates for regression},
    journal = {The Annals of Statistics},
    volume = 15,
    pages = {642--65}
}

@Article{Hothorn:2006:AmStat,
  key = {575},
  author        = {Torsten Hothorn and Kurt Hornik and
                   Mark A. van de Wiel and Achim Zeileis},
  title         = {A {L}ego System for Conditional Inference},
  journal       = {The American Statistician}, 
  year          = {2006},
  volume        = {60},
  number         = {3},
  pages         = {257--263},
  doi           = {10.1198/000313006X118430},
  URL = {http://statmath.wu-wien.ac.at/~zeileis/papers/Hothorn+Hornik+VanDeWiel-2006.pdf}
}
 


@Article{         salibhillier1997,
  key           = {552},
  author        = {Emad Salib and Valerie Hillier},
  title         = {A Case-Control Study of Smoking and {A}lzheimer's Disease},
  journal       = {International Journal of Geriatric Psychiatry},
  year          = 1997,
  volume        = 12,
  pages         = {295-300}
}

@Article{         boenscheta2005,
  key           = {530},
  author        = {D. B{\"o}nsch and T. Lederer and U. Reulbach and T.
                  Hothorn and J. Kornhuber and S. Bleich},
  title         = {Joint Analysis of the {NACP-REP1} Marker Within the Alpha
                  Synuclein Gene Concludes Association with Alcohol
                  Dependence},
  journal       = {Human Molecular Genetics},
  year          = 2005,
  volume        = 14,
  number        = 7,
  pages         = {967-971}
}

@Article{         numerical-:1992,
  key           = {116},
  author        = {Alan Genz},
  title         = {Numerical Computation of Multivariate Normal
                  Probabilities},
  journal       = {Journal of Computational and Graphical Statistics},
  pages         = {141-149},
  year          = {1992},
  volume        = {1}
}

@Manual{          rcore2007,
  title         = {\textsf{R}: A Language and Environment for Statistical
                  Computing},
  author        = {{R Development Core Team}},
  organization  = {R Foundation for Statistical Computing},
  address       = {Vienna, Austria},
  year          = 2007,
  note          = {{ISBN} 3-900051-00-3},
  url           = {http://www.R-project.org}
}

@Article{         garcia2005,
  author        = {A. L. Garcia and K. Wagner and T. Hothorn and C. Koebnick
                  and H. J. Zunft and U. Trippo},
  title         = {Improved prediction of body fat by measuring skinfold
                  thickness, circumferences, and bone breadths},
  journal       = {Obesity Research},
  year          = 2005,
  volume        = 13,
  number        = 3,
  pages         = {626--634}
}

@article{Bullingeretal2004, 
     key = {490}, 
     author = {Lars Bullinger and Konstanze D{\"o}hner and Eric Bair and
               Stefan Fr{\"o}hlich and Richard F. Schlenk and Robert Tibshirani and Hartmut
               D{\"o}hner and Jonathan R. Pollack},
     title = {Use of Gene-Expression Profiling to Identify Prognostic
              Subclasses in Adult Acute Myloid Leukemia},
     journal = {New England Journal of Medicine},
     year = {2004}, 
     volume = {350}, 
     number = {16}, 
     pages = {1605-1616} 
 } 


@Manual{pkg:robustbase,
    title = {robustbase: {B}asic Robust Statistics},
    author = {Valentin Todorov and Andreas Ruckstuhl and 
              Matias Salibian-Barrera and Martin Maechler and {others}},
    year = {2007},
    note = {R package version 0.2-8},
    url  = {http://CRAN.R-project.org},
}

@Manual{pkg:multcomp,
    title = {multcomp: {S}imultaneous Inference for General Linear Hypotheses},
    author = {Torsten Hothorn and Frank Bretz and Peter Westfall and Richard M. Heiberger},
    year = {2007},
    note = {R package version 0.992-8},
    url = {http://CRAN.R-project.org}
}

@Manual{pkg:lme4,
    title = {lme4: {L}inear mixed-effects models using {S4} classes},
    author = {Douglas Bates},
    year = {2007},
    note = {R package version 0.99875-9},
    url = {http://CRAN.R-project.org}
}

@Manual{R2007,
    title = {R: A Language and Environment for Statistical Computing},
    author = {{R Development Core Team}},
    organization = {R Foundation for Statistical Computing},
    address = {Vienna, Austria},
    year = {2007},
    note = {{ISBN} 3-900051-07-0},
    url = {http://www.R-project.org},
}
